@article{Mernik:2005,
 author = {Mernik, Marjan and Heering, Jan and Sloane, Anthony M.},
 title = {When and How to Develop Domain-specific Languages},
 journal = {ACM Comput. Surv.},
 issue_date = {December 2005},
 volume = {37},
 number = {4},
 month = dec,
 year = {2005},
 issn = {0360-0300},
 pages = {316--344},
 numpages = {29},
 url = {http://doi.acm.org/10.1145/1118890.1118892},
 doi = {10.1145/1118890.1118892},
 acmid = {1118892},
 publisher = {ACM},
 address = {New York, NY, USA},
 keywords = {Domain-specific language, application language, domain analysis, language development system},
}

@book{Suereth:2012,
 author = {Suereth, Joshua D.},
 title = {Scala in Depth},
 year = {2012},
 isbn = {1935182706, 9781935182702},
 publisher = {Manning Publications Co.},
 address = {Greenwich, CT, USA},
}

@Article{Spinellis:2001,
 Title="Notable Design Patterns for Domain Specific Languages",
 Author="Diomidis Spinellis",
 Journal="Journal of Systems and Software",
 ISSN="0164-1212",
 Pages="91--99",
 Year="2001",
 Month=feb,
 Volume=56,
 Number=1,
 DOI="10.1016/S0164-1212(00)00089-3",
 tags="plang",
 URL="http://www.dmst.aueb.gr/dds/pubs/jrnl/2000-JSS-DSLPatterns/html/dslpat.html"
}

@book{Ghosh:2010,
 author = {Ghosh, Debasish},
 title = {DSLs in Action},
 year = {2010},
 isbn = {9781935182450},
 edition = {1st},
 publisher = {Manning Publications Co.},
 address = {Greenwich, CT, USA},
} 

@book{Voelter:2013,
 author = {Markus Völter and Sebastian Benz and Christian Dietrich and Birgit Engelmann and Mats Helander and Lennart C. L. Kats and Eelco Visser and Guido Wachsmuth},
 title = {{DSL} Engineering - Designing, Implementing and Using Domain-Specific Languages},
 publisher = {dslbook.org},
 year = {2013},
 isbn = {978-1-4812-1858-0},
 url = {http://www.dslbook.org},
 topic = {model-driven software development,domain-specific languages,Programming languages},
 group = {SE}
}

@Inbook{Artho:2015,
 author="Artho, Cyrille
 and Havelund, Klaus
 and Kumar, Rahul
 and Yamagata, Yoriyuki",
 editor="Butler, Michael
 and Conchon, Sylvain
 and Za{\"i}di, Fatiha",
 title="Domain-Specific Languages with Scala",
 bookTitle="Formal Methods and Software Engineering: 17th International Conference on Formal Engineering Methods, ICFEM 2015, Paris, France, November 3-5, 2015, Proceedings",
 year="2015",
 publisher="Springer International Publishing",
 address="Cham",
 pages="1--16",
 isbn="978-3-319-25423-4",
 doi="10.1007/978-3-319-25423-4_1",
 url="http://dx.doi.org/10.1007/978-3-319-25423-4_1"
}

@inproceedings{Gunther:2011,
 author = {G\"{u}nther, Sebastian},
 title = {Development of Internal Domain-specific Languages: Design Principles and Design Patterns},
 booktitle = {Proceedings of the 18th Conference on Pattern Languages of Programs},
 series = {PLoP '11},
 year = {2011},
 isbn = {978-1-4503-1283-7},
 location = {Portland, Oregon, USA},
 pages = {1:1--1:25},
 articleno = {1},
 numpages = {25},
 url = {http://doi.acm.org/10.1145/2578903.2579139},
 doi = {10.1145/2578903.2579139},
 acmid = {2579139},
 publisher = {ACM},
 address = {New York, NY, USA},
 keywords = {domain-specific languages, dynamic programming languages, embedded languages, ruby},
}

@inproceedings{Gunther:2010,
 author = {G\"{u}nther, Sebastian and Cleenewerck, Thomas},
 title = {Design Principles for Internal Domain-specific Languages: A Pattern Catalog Illustrated by Ruby},
 booktitle = {Proceedings of the 17th Conference on Pattern Languages of Programs},
 series = {PLOP '10},
 year = {2010},
 isbn = {978-1-4503-0107-7},
 location = {Reno, Nevada, USA},
 pages = {3:1--3:35},
 articleno = {3},
 numpages = {35},
 url = {http://doi.acm.org/10.1145/2493288.2493291},
 doi = {10.1145/2493288.2493291},
 acmid = {2493291},
 publisher = {ACM},
 address = {New York, NY, USA},
 keywords = {design principles, domain-specific languages, dynamic programming languages},
}

@article{Potvin:2015,
 author    = {Pascal Potvin and Mario Bonja and Gordon Bailey and Pierre Busnel},
 title     = {An {IMS} {DSL} Developed at Ericsson},
 journal   = {CoRR},
 volume    = {abs/1509.07326},
 year      = {2015},
 url       = {http://arxiv.org/abs/1509.07326},
 timestamp = {Thu, 01 Oct 2015 14:28:48 +0200},
 biburl    = {http://dblp.uni-trier.de/rec/bib/journals/corr/PotvinBBB15},
 bibsource = {dblp computer science bibliography, http://dblp.org}
}

@TECHREPORT{Odersky:2004,
    author = {Martin Odersky and St'ephane Micheloud and Nikolay Mihaylov and Michel Schinz and Erik Stenman and Matthias Zenger and et al.},
    title = {An overview of the Scala programming language},
    institution = {EPFL},
    year = {2004}
}

@online{Odersky:2016,
  author = {Martin Odersky},
  title = {New year resolutions},
  year = 2016,
  url = {http://www.scala-lang.org/blog/2016/01/02/new-year-resolutions.html},
  urldate = {2016-09-01}
}

@online{lakes:2009,
  author = {oxbow\_lakes},
  title = {Is the Scala 2.8 collections library a case of the longest suicide note in history?},
  year = 2009,
  url = {http://stackoverflow.com/questions/1722726},
  urldate = {2016-09-01}
}

@online{Hale:2011,
  author = {Coda Hale},
  title = {An email to Donald},
  year = 2011,
  url = {https://gist.github.com/anonymous/1406238},
  urldate = {2016-09-01}
}

@online{Allan:2013,
  author = {Graham Allan},
  title = {Using Scala will make you less productive},
  year = 2013,
  url = {http://tinyurl.com/qx4qhta},
  urldate = {2016-09-01}
}

@online{Colebourne:2011,
  author = {Stephen Colebourne},
  title = {Scala feels like EJB 2, and other thoughts},
  year = 2011,
  url = {http://blog.joda.org/2011/11/scala-feels-like-ejb-2-and-other.html},
  urldate = {2016-09-01}
}

@online{Plush:2015,
  author = {Jim Plush},
  title = {Moving a team from Scala to Golang},
  year = 2015,
  url = {jimplush.com/talk/2015/12/19/moving-a-team-from-scala-to-golang},
  urldate = {2016-09-01}
}

@article {Pedersen:2009,
	author = {Pedersen, Michael and Phillips, Andrew},
	title = {Towards programming languages for genetic engineering of living cells},
	volume = {6},
	number = {Suppl 4},
	pages = {S437--S450},
	year = {2009},
	doi = {10.1098/rsif.2008.0516.focus},
	publisher = {The Royal Society},
	issn = {1742-5689},
	URL = {http://rsif.royalsocietypublishing.org/content/6/Suppl_4/S437},
	journal = {Journal of The Royal Society Interface}
}

@article{Ross:1978,
 author = {Ross, Douglas T.},
 title = {Origins of the APT Language for Automatically Programmed Tools},
 journal = {SIGPLAN Not.},
 issue_date = {August 1978},
 volume = {13},
 number = {8},
 month = aug,
 year = {1978},
 issn = {0362-1340},
 pages = {61--99},
 numpages = {39},
 url = {http://doi.acm.org/10.1145/960118.808374},
 doi = {10.1145/960118.808374},
 acmid = {808374},
 publisher = {ACM},
 address = {New York, NY, USA},
} 